<record><leader>00000cas a2200000 a 4500</leader><controlfield tag="001">9817881</controlfield><controlfield tag="008">830817d18491938nyudr ne      0    0eng c</controlfield><datafield ind1=" " ind2=" " tag="010"><subfield code="a">sn 83031151 </subfield></datafield><datafield ind1=" " ind2=" " tag="040"><subfield code="a">NPU</subfield><subfield code="b">eng</subfield><subfield code="c">NPU</subfield><subfield code="d">DLC</subfield><subfield code="d">NPX</subfield><subfield code="d">NPA</subfield><subfield code="d">NYG</subfield><subfield code="d">DLC</subfield><subfield code="d">YOX</subfield><subfield code="d">NYG</subfield><subfield code="d">MFN</subfield><subfield code="d">NYS</subfield><subfield code="d">MGN</subfield><subfield code="d">NYS</subfield><subfield code="d">YOX</subfield><subfield code="d">MGN</subfield><subfield code="d">NYS</subfield><subfield code="d">CNK</subfield><subfield code="d">NYS</subfield><subfield code="d">CRL</subfield><subfield code="d">NYS</subfield><subfield code="d">OCL</subfield><subfield code="d">NYS</subfield><subfield code="d">DLC</subfield><subfield code="d">NYS</subfield><subfield code="d">DLC</subfield><subfield code="d">OCLCQ</subfield><subfield code="d">KRTAS</subfield><subfield code="d">OCLCQ</subfield><subfield code="d">OCLCF</subfield><subfield code="d">OCLCO</subfield></datafield><datafield ind1="1" ind2=" " tag="029"><subfield code="a">NZ1</subfield><subfield code="b">16072670</subfield></datafield><datafield ind1=" " ind2=" " tag="042"><subfield code="a">pcc</subfield></datafield><datafield ind1=" " ind2=" " tag="043"><subfield code="a">n-us-ny</subfield></datafield><datafield ind1="0" ind2="0" tag="050"><subfield code="a">Newspaper</subfield></datafield><datafield ind1="0" ind2="4" tag="245"><subfield code="a">The Brooklyn daily eagle.</subfield></datafield><datafield ind1="1" ind2=" " tag="246"><subfield code="i">Issues for Sept. 19-26, 1923 published jointly with other newspapers as:</subfield><subfield code="a">Combined New York evening newspapers</subfield></datafield><datafield ind1="1" ind2=" " tag="246"><subfield code="i">Issue for Sept. 23, 1923 published jointly with other newspapers as:</subfield><subfield code="a">Combined New York Sunday newspapers</subfield></datafield><datafield ind1="1" ind2=" " tag="246"><subfield code="i">Published a section called:</subfield><subfield code="a">Nassau daily island news</subfield><subfield code="f">&lt;Nov. 6, 1933&gt;</subfield></datafield><datafield ind1="1" ind2=" " tag="246"><subfield code="i">Published a section called:</subfield><subfield code="a">Nassau Queens island news</subfield><subfield code="f">&lt;Aug. 22, 1934&gt;</subfield></datafield><datafield ind1="1" ind2=" " tag="246"><subfield code="i">Published a section called:</subfield><subfield code="a">Junior Eagle</subfield><subfield code="f">&lt;Feb. 3, 1907-&gt;</subfield></datafield><datafield ind1=" " ind2=" " tag="260"><subfield code="a">Brooklyn, N.Y. :</subfield><subfield code="b">I. Van Anden,</subfield><subfield code="c">1849-1938.</subfield></datafield><datafield ind1=" " ind2=" " tag="300"><subfield code="a">90 v. ;</subfield><subfield code="c">57 cm.</subfield></datafield><datafield ind1=" " ind2=" " tag="310"><subfield code="a">Daily,</subfield><subfield code="b">&lt;Jan. 7, 1877&gt;-1938</subfield></datafield><datafield ind1=" " ind2=" " tag="321"><subfield code="a">Daily (except Sunday),</subfield><subfield code="b">1849-&lt;Dec. 30, 1876&gt;</subfield></datafield><datafield ind1="0" ind2=" " tag="362"><subfield code="a">Vol. 8, no. 114 (May 14, 1849)-v. 97, no. 245 (Sept. 4, 1938).</subfield></datafield><datafield ind1=" " ind2=" " tag="500"><subfield code="a">Multiple editions: First edition; Home news edition; MX edition; Wall St. edition; Sports final edition.</subfield></datafield><datafield ind1=" " ind2=" " tag="530"><subfield code="a">Also issued in microform from the Library of Congress, Photoduplication Service, and the New York Public Library.</subfield></datafield><datafield ind1=" " ind2=" " tag="530"><subfield code="a">Available (1849-1902) via the World Wide Web.</subfield></datafield><datafield ind1=" " ind2=" " tag="580"><subfield code="a">Published sections called: Home talk the star, &lt;Jan. 8, 1932-Dec. 30, 1938&gt;; Home talk the item, &lt;Jan. 8, 1932-Dec. 30, 1938&gt;.</subfield></datafield><datafield ind1=" " ind2=" " tag="580"><subfield code="a">Contains section with separate numbering: Suffolk daily island news, Oct. 20, 1932-July 23, 1937.</subfield></datafield><datafield ind1=" " ind2=" " tag="580"><subfield code="a">Contains sections: Suffolk island news, July 26, 1937-Aug. 26, 1938; and: Long Island news Suffolk Nassau Queens, Aug. 30, 1938-&lt;Sept. 2,1938&gt;.</subfield></datafield><datafield ind1=" " ind2="0" tag="651"><subfield code="a">Brooklyn (New York, N.Y.)</subfield><subfield code="v">Newspapers.</subfield></datafield><datafield ind1=" " ind2="0" tag="651"><subfield code="a">New York (N.Y.)</subfield><subfield code="v">Newspapers.</subfield></datafield><datafield ind1=" " ind2="0" tag="651"><subfield code="a">Kings County (N.Y.)</subfield><subfield code="v">Newspapers.</subfield></datafield><datafield ind1=" " ind2="7" tag="655"><subfield code="a">Newspapers.</subfield><subfield code="2">fast</subfield><subfield code="0">(OCoLC)fst01423814</subfield></datafield><datafield ind1=" " ind2="7" tag="651"><subfield code="a">New York (State)</subfield><subfield code="z">Kings County.</subfield><subfield code="2">fast</subfield><subfield code="0">(OCoLC)fst01220099</subfield></datafield><datafield ind1=" " ind2="7" tag="651"><subfield code="a">New York (State)</subfield><subfield code="z">New York.</subfield><subfield code="2">fast</subfield><subfield code="0">(OCoLC)fst01204333</subfield></datafield><datafield ind1=" " ind2="7" tag="651"><subfield code="a">New York (State)</subfield><subfield code="z">New York</subfield><subfield code="z">Brooklyn.</subfield><subfield code="2">fast</subfield><subfield code="0">(OCoLC)fst01312516</subfield></datafield><datafield ind1=" " ind2=" " tag="752"><subfield code="a">United States</subfield><subfield code="b">New York</subfield><subfield code="c">Kings</subfield><subfield code="d">Brooklyn (New York, N.Y.)</subfield></datafield><datafield ind1=" " ind2=" " tag="752"><subfield code="a">United States</subfield><subfield code="b">New York</subfield><subfield code="d">New York.</subfield></datafield><datafield ind1="0" ind2=" " tag="775"><subfield code="t">Brooklyn weekly eagle</subfield><subfield code="w">(DLC)sn 85025780</subfield><subfield code="w">(OCoLC)11896507</subfield></datafield><datafield ind1="1" ind2=" " tag="777"><subfield code="t">Suffolk daily island news</subfield><subfield code="w">(DLC)sn 84031090</subfield><subfield code="w">(OCoLC)11168091</subfield></datafield><datafield ind1="1" ind2=" " tag="777"><subfield code="t">Suffolk island news</subfield><subfield code="w">(DLC)sn 84031089</subfield><subfield code="w">(OCoLC)11168109</subfield></datafield><datafield ind1="1" ind2=" " tag="777"><subfield code="t">Long Island news Suffolk Nassau Queens</subfield><subfield code="w">(DLC)sn 97063614</subfield><subfield code="w">(OCoLC)36149706</subfield></datafield><datafield ind1="0" ind2="0" tag="780"><subfield code="t">Brooklyn daily eagle and Kings County Democrat</subfield><subfield code="w">(DLC)sn 83031149</subfield><subfield code="w">(OCoLC)9813457</subfield></datafield><datafield ind1="0" ind2="5" tag="780"><subfield code="t">Home talk the star</subfield><subfield code="w">(DLC)sn 88073078</subfield><subfield code="w">(OCoLC)18923974</subfield></datafield><datafield ind1="0" ind2="5" tag="780"><subfield code="t">Home talk the item</subfield><subfield code="w">(DLC)sn 88073075</subfield><subfield code="w">(OCoLC)18923935</subfield></datafield><datafield ind1="0" ind2="0" tag="785"><subfield code="t">Brooklyn eagle (Brooklyn, N.Y.)</subfield><subfield code="w">(DLC)sn 83031150</subfield><subfield code="w">(OCoLC)9810025</subfield></datafield><datafield ind1="0" ind2=" " tag="787"><subfield code="t">Index to the Brooklyn daily eagle</subfield><subfield code="w">(DLC)  2007219363</subfield><subfield code="w">(OCoLC)5619646</subfield></datafield><datafield ind1="4" ind2="1" tag="856"><subfield code="u">http://eagle.brooklynpubliclibrary.org</subfield></datafield><datafield ind1=" " ind2=" " tag="938"><subfield code="a">Kirtas Technologies, Inc.</subfield><subfield code="b">KRTS</subfield><subfield code="n">737283</subfield></datafield></record>